@STRING(LNCS="Lecture Notes in Computer Science")
@STRING{SV="Springer Verlag"}
@STRING{KLUWER="Kluwer Academic Publishers"}
@STRING{ACM="ACM Press"}
@STRING{IEEE="IEEE Computer Society Press"}


@STRING{TCC="Theory of Cryptography Conference (TCC)"}
@STRING{CACM="Communications of the ACM"}
@STRING{JoComp="SIAM Journal on Computing"}
@STRING{JoCr="Journal of Cryptology"}
@STRING{TCS="Theoretical Computer Science"}
@STRING{JoCSS="Journal of Computer and System Sciences"}

@STRING{STOC="ACM Symposium on the Theory of Computing (STOC)"}
@STRING{FOCS="IEEE Symposium on Foundations of Computer Science
(FOCS)"} @STRING{ASIACRYPT="Advances in Cryptology -- Asiacrypt"}
@STRING{EUROCRYPT="Advances in Cryptology -- Eurocrypt"}
@STRING{CRYPTO="Advances in Cryptology -- Crypto"}
@STRING{AUSCRYPT="Advances in Cryptology -- Auscrypt"}
@STRING{INDOCRYPT="Indocrypt"}
@STRING{ACISP="Australasian Conference on Information Security and
Privacy -- ACISP"}
@STRING{PODC="ACM Symposium on Principles of Distributed Computing -- PODC"}

@STRING{LONMATH="Proceedings of the London Mathematical Society"}

@STRING{CaLC="Cryptography and Lattices (CaLC)"}
@STRING{ICALP="International Colloquium on Automata, Languages and Programming (ICALP)"}

@STRING{ESORICS="European Symposium on Research in Computer Security (ESORICS)"}
@STRING{STACS="Annual Symposium on Theoretical Aspects of Computer Science (STACS)"}
@STRING{CIAC="Algorithms and Complexity (CIAC)"}
@STRING{ANTS="Algorithmic Number Theory -- ANTS-"}
@STRING{SODA="Annual ACM-SIAM Symposium on Discrete Algorithms (SODA)"}
@STRING{IEEESandP="IEEE Symposium on Security and Privacy"}
@STRING{FC="Financial Cryptography"}
@STRING{ICICS="International Conference on Information and Communication Security (ICICS)"}
@STRING{CCS="ACM Conference on Computer and Communications Security (CCS)"}
@STRING{PKC="Public Key Cryptography -- PKC"}
@STRING{ISW="Information Security Workshop -- ISW"}
@STRING{IFIPTCS="Theoretical Computer Science, Exploring New Frontiers of Theoretical Informatics IFIP TCS"}
@STRING{RSACT="RSA Conference 2005, Cryptographers' Track"}
@STRING{SCN="Security in Communication Networks"}
@STRING{AFRICACRYPT="Africacrypt"}
@STRING{SAC="Selected Areas in Cryptography -- SAC"}

@STRING{EPRINTURL=", \url{http://eprint.iacr.org}, "}
@STRING{EPRINTPRE="(Full version at Cryptology ePrint Archive, Report "}
@STRING{EPRINTPOST=".)"}


@STRING{JAN="January"}
@STRING{FEB="February"}
@STRING{MAR="March"}
@STRING{APR="April"}
@STRING{MAY="May"}
@STRING{JUN="June"}
@STRING{JUL="July"}
@STRING{AUG="August"}
@STRING{SEP="September"}
@STRING{OCT="October"}
@STRING{NOV="November"}
@STRING{DEC="December"}

@STRING{NADAURL="\url{http://www.kth.se}"}
@STRING{NADA="Department of Numerical Analysis and Computer Science, Royal Institute of Technology"}
@STRING{SICS="Swedish Institute of Computer Science (SICS)"}
@STRING{SICSURL="\url{http://www.sics.se}"}


%%%%%%%%%%%%%%%%%%%%%%%%%%% Books %%%%%%%%%%%%%%%%%%%%%%%%%%%

@book{CoLeRi01,
	author = {T. H. Corme and C. E. Leiserson and R. L. Rivest and C. Stein},
	howpublished = {Paperback},
	isbn = {0262531968},
	publisher = {The MIT Press},
	title = {Introduction to Algorithms, Second Edition},
	year = {2001}
}

	


@Book{singh,
  author = {S. Singh},
  title = {The Code Book},
  publisher = {Fourth Estate, London},
  year = 1999,
  ISBN = {0-385-49532-3}
}

@Book{blsesm,
  author = {I. Blake and G. Seroussi and N. Smart},
  title = {Elliptic Curves in Cryptography},
  publisher = {Cambridge University Press},
  year = 1999,
  ISBN = {0-521-65374-6}
}

@Book{kobl,
  author = {N. Koblitz},
  title = {Algebraic Aspects of Cryptography},
  publisher = SV,
  year = 1998,
  ISBN = {3-540-63446-0}
}

@Book{fragments,
  author = {O. Goldreich},
  title = {Foundations of Cryptography -- Basic Tools},
  publisher = {Cambridge University Press},
  year = 2001,
  ISBN = {0-521-79172-3}
}

@Book{rib,
  author = {P. Ribenboim},
  title = {The new book of prime number records},
  edition = 3,
  ISBN = {0-38794457-5},
  year = 1996,
  publisher = SV
}

@Book{alonspencer,
  author =    {N. Alon and J.H. Spencer},
  title =        {The Probabilistic Method},
  publisher =    {Wiley-Interscience},
  year =         {2000},
  edition =      {2nd},
  ISBN = {0-471-37046-0}
}

@Book{JuGu,
  author =    {T.M. Jurgensen and S.B. Guthery},
  title =        {Smart Cards: The Developer's Toolkit},
  publisher =    {Prentice Hall {PTR}},
  year =         {2002},
  edition = {1st},
  ISBN = {0-13-093730-4}
}

@Book{hac,
  author =    {A. Menezes and P. Oorschot and S. Vanstone},
  title =        {Handbook of Applied Cryptography},
  publisher =    {CRC Press},
  year =         {1997},
  ISBN =         {0-8493-8523-7}
}


%%%%%%%%%%%%%%%%%%%%%%%%%%% Articles %%%%%%%%%%%%%%%%%%%%%%%%%%%

@article{Furukawa05,
  author    = {Jun Furukawa},
  title     = {Efficient and Verifiable Shuffling and Shuffle-Decryption},
  journal   = {IEICE Transactions},
  volume    = {88-A},
  number    = {1},
  year      = {2005},
  pages     = {172-188},
}


@article{K74,
  author    = {D. E. Knuth},
  title     = {Structured Programming with go to Statements},
  journal   = {ACM Comput. Surv.},
  volume    = {6},
  number    = {4},
  year      = {1974},
  pages     = {261-301}
}

@Article{diffiehellman,
  author = {W. Diffie and M. E. Hellman},
  title = {New directions in cryptography},
  journal = {IEEE Transactions on Information Theory},
  volume = 22,
  number = 6,
  pages = {644--654},
  year = 1976
}


@Article{odlyzko,
  author = {A. M. Odlyzko},
  title = {Discrete logarithms: The past and the future},
  journal = {Designs, Codes, and Cryptography},
  number = {2/3},
  volume = 19,
  year = 2000,
  pages = {129--145},
  publisher = KLUWER
}

@Article{baha,
  author = {R. C. Baker and G. Harman},
  title = {The difference between consecutive primes},
  journal = LONMATH,
  year = 1996,
  volume = 72,
  number = 3,
  pages = {261--280}
}

@Article{canettiJoC,
  author = {R. Canetti},
  title = {Security and composition of multi-party cryptographic protocols},
  journal = JoCr,
  year = 2000,
  volume = 13,
  number = 1,
  pages = {143--202}
}


@Article{golduni,
  author = {O. Goldreich},
  title = {A Uniform-Complexity Treatment of Encryption and ZeroKnowledge},
  journal = JoCr,
  year = 1993,
  volume = 6,
  number = 1,
  pages = {21-53}
}

@Article{chaum,
  author = {D. Chaum},
  title = {Untraceable Electronic Mail, Return Addresses and Digital Pseudo-nyms},
  journal = CACM,
  year = 1981,
  volume = 24,
  number = 2,
  pages = {84--88}
}

@Article{mirabo,
  author = {S. Micali and C. Rackoff and B. Sloan},
  title = {The notion of security for probabilistic cryptosystems},
  journal = JoComp,
  volume = 17,
  number = 2,
  pages = {412--426},
  year = 1988
}

@Article{bemi,
  author = {M. Bellare and S. Micali},
  title = {How to Sign Given Any Trapdoor Permutation},
  journal = JoComp,
  volume = 39,
  number = 1,
  pages = {214--233},
  year = 1992
}

@Article{Varadharajan,
  author =       {V. Varadharajan and K.Q. Nguyen and Y. Mu},
  title =        {On the design of efficient {RSA}-based
off-line electronic cash schemes},
  journal =      TCS,
  year =         1999,
  volume =       226,
  pages =        {173--184},
}

@Article{FeLaSh99,
  author = {U. Feige and D. Lapidot and A. Shamir},
  title = {Multiple non-interactive zero-knowledge
 proofs under general assumptions},
  journal =      JoComp,
  year =         1999,
  volume =       29,
  number = 1,
  pages =        {1--28}
}

@Article{BlSaMiPe91,
  author =       {M. Blum and A. De Santis and S. Micali and G. Persiano},
  title =        {Non-Interactive Zero-Knowledge Proofs},
  journal =      JoComp,
  year =         1991,
  month =        DEC,
  volume =       6,
  pages =        {1084--1118}
}

@Article{elgamal,
  author =       {El Gamal, Taher},
  title =        {A Public Key Cryptosystem and a Signature Scheme Based on Discrete Logarithms},
  journal =      {IEEE Transactions on Information Theory},
  year =         1985,
  volume =       31,
  number =       4,
  pages =        {469--472}
}

@Article{GoMi84,
  author = {S. Goldwasser and S. Micali},
  title =        {Probabilistic Encryption},
  journal =      {Journal of Computer and System Sciences},
  year =         1984,
  volume =       28,
  number = 2,
  pages =        {270--299}
}

@Article{lehmer,
  author =       {D.N. Lehmer},
  title =        {Asymptotic Evaluation of certain Totient Sums},
  journal =      {American Journal of Mathematics},
  year =         1900,
  volume =       22,
  number =       4,
  pages =        {293-335},
}

@Article{maier,
  author =       {H. Maier},
  title =        {Primes in short intervals},
  journal =      {Michigan Mathematical Journal},
  year =         1985,
  volume =       32,
  number =       2,
  pages =        {221--225},
}

@Article{PoSt00,
  author = {D. Pointcheval and J. Stern},
  title = {Security Arguments for Digital Signatures and Blind Signatures},
  journal = JoCr,
  year =  2000,
  volume = 13,
  number = 3,
  pages = {361--396}
}

@Article{GoMiRa89,
  author =       {S. Goldwasser and S. Micali and C. Rackoff},
  title =        {The Knowledge Complexity of Interactive Proof Systems},
  journal =      JoComp,
  year =         1989,
  volume =       18,
  number =       1,
  pages =        {186--208},
}



@Article{HILL,
  author =       {J. H{\aa}stad and R. Impagliazzo and L. A. Levin and M. Luby},
  title =        {Construction of a Pseudorandom Generator from Any One-Way Function},
  journal =      JoComp,
  year =         1999,
  volume =       28,
  number =       4,
  pages =        {1364--1396}
}


@Article{RSA,
  author =       {R. Rivest and A. Shamir and L. Adleman},
  title =        {A Method for Obtaining Digital Signatures and Public Key Cryptosystems},
  journal =      CACM,
  year =         1978,
  volume =       21,
  number =       2,
  pages =        {120--126},
}

@Article{shamirsecret,
  author =       {A. Shamir},
  title =        {How to share a secret},
  journal =      CACM,
  year =         1979,
  volume =       22,
  number =       11,
  pages =        {612--613},
}



@Article{GMR88,
  author =       {S. Goldwasser and S. Micali and R. Rivest},
  title =        {A digital signature scheme secure against adaptive chosen-message attacks},
  journal =      JoComp,
  year =         1988,
  volume =       17,
  number =       2,
  pages =        {281--308},
}

@Article{Miller,
  author =       {G.L. Miller},
  title =        {Riemann's hypothesis and Tests for Primality},
  journal =      JoCSS,
  year =         1976,
  volume =       13,
  pages =        {300--317},
}

@Article{hss,
  author =       {J. H{\aa}stad and A. W. Schrift and A. Shamir},
  title =        {The Discrete Logarithm Modulo a Composite Hides {$O(n)$} Bits},
  journal =      JoCSS,
  year =         1993,
  volume =       47,
  pages =        {376--404},
}

@article{gennaro,
  author    = {R. Gennaro and
               S. Jarecki and
               H. Krawczyk and
               T. Rabin},
  title     = {Secure Distributed Key Generation for Discrete-Log Based
               Cryptosystems},
  journal   = {J. Cryptology},
  volume    = {20},
  number    = {1},
  year      = {2007},
  pages     = {51-83},
}



%%%%%%%%%%%%%%%%%%%%%%%%%%% Proceedings %%%%%%%%%%%%%%%%%%%%%%%%%%%

@inproceedings{ReTo07,
 author = {Reistad, Tord Ingolf and Toft, Tomas},
 title = {Secret Sharing Comparison by Transformation and Rotation},
 booktitle = {Information Theoretic Security (ICITS 2007)},
 year = {2009},
 pages = {169--180},
 publisher = SV,
 series    = LNCS,
 volume    = {4883},
}

@inproceedings{wik09b,
  author    = {D. Wikstr{\"o}m},
  title     = {A Commitment-Consistent Proof of a Shuffle},
  booktitle = {ACISP},
  year      = {2009},
  pages     = {407-421},
  publisher = SV,
  series    = LNCS,
  volume    = {5594},
}

@inproceedings{TW10,
  author    = {B. Terelius and
               D. Wikstr{\"o}m},
  title     = {Proofs of Restricted Shuffles},
  booktitle = AFRICACRYPT # { 2010},
  year      = {2010},
  pages     = {100-113},
  series    = LNCS,
  volume    = {6055},
}

@inproceedings{Groth09:LinearAlgebra,
  author    = {Jens Groth},
  title     = {Linear Algebra with Sub-linear Zero-Knowledge Arguments},
  booktitle = CRYPTO # 2009,
  year      = {2009},
  pages     = {192-208},
  publisher = SV,
  series    = LNCS,
  volume    = {5677},
}


@inproceedings{BeGaRa,
  author    = {M. Bellare and
               J.A. Garay and
               T. Rabin},
  title     = {Batch Verification with Applications to Cryptography and
               Checking},
  booktitle = {LATIN},
  year      = {1998},
  pages     = {170-191},
  publisher = SV,
  series    = LNCS,
  volume    = {1380},
}


@inproceedings{RySc06,
  author    = {P. Y. A. Ryan and
               S. A. Schneider},
  title     = {Pr{\^e}t {\`a} Voter with Re-encryption Mixes},
  booktitle = {11th } # ESORICS,
  year      = {2006},
  pages     = {313-326},
  publisher = SV,
  series    = LNCS,
  volume    = {4189}
}



@InProceedings{BGN05,
  author =	 {D. Boneh and Eu-Jin Goh and K. Nissim},
  title =	 {Evaluating 2-{DNF} Formulas on Ciphertexts},
  booktitle =	 {2nd } # TCC,
  pages =     {325--342},
  year =	 {2005},
  volume =	 {3378},
  series =	 {LNCS},
  publisher =  SV
}


@inproceedings{schnorr,
  author    = {C. Schnorr},
  title     = {Efficient Identification and Signatures for Smart Cards
               (Abstract)},
  booktitle = EUROCRYPT # { 89},
  year      = {1989},
  pages     = {688-689},
}


@inproceedings{GrIs08,
  author    = {J. Groth and
               Y. Ishai},
  title     = {Sub-linear Zero-Knowledge Argument for Correctness of a
               Shuffle},
  booktitle = EUROCRYPT # { 2008},
  year      = {2008},
  pages     = {379-396},
  publisher = SV,
  series    = LNCS,
  volume    = {4965}
}





@inproceedings{KaMyOs01,
  author    = {J. Katz and
               S. Myers and
               R. Ostrovsky},
  title     = {Cryptographic Counters and Applications to Electronic Voting},
  booktitle = EUROCRYPT # { 2001},
  series    = LNCS,
  volume    = 2045,
  year      = 2001,
  pages     = {78--92},
  publisher = SV,
}

@inproceedings{and,
  author    = {R. J. Anderson and S. Vaudenay},
  title     = {Minding your p's and q`s},
  booktitle = ASIACRYPT # { '96},
  series = LNCS,
  volume = 1163,
  year      = {1996},
  pages     = {26--35},
  publisher = SV
}

@inproceedings{mali,
  author    = {W. Mao and C.H. Lim},
  title     = {Cryptanalysis of subgroups of $\mathbb{Z}_n^*$ Advances in Cryptology},
  booktitle = ASIACRYPT # { '98},
  series = LNCS,
  volume = 1514,
  year      = {1998},
  pages     = {214-216},
  publisher = SV
}

@inproceedings{peboda,
  author    = {K. Peng and C. Boyd and E. Dawson},
  title     = {Simple and Efficient Shuffling with Provable Correctness and {ZK} Privacy},
  booktitle = CRYPTO # { 2005},
  series = LNCS,
  volume = 3621,
  year      = {2005},
  pages     = {188--204},
  publisher = SV
}




@inproceedings{chan,
  author    = {D. Chaum and H. van Antwerpen},
  title     = {Undeniable signatures},
  booktitle = CRYPTO # { '89},
  series = LNCS,
  volume = 435,
  year      = {1990},
  pages     = {212--216},
  publisher = SV
}


@inproceedings{jasaim,
  author    = {M. Jakobsson and K. Sako and R. Impagliazzo},
  title     = {Designated verifier proofs and their applications},
  booktitle = EUROCRYPT # { '96},
  series = LNCS,
  volume = 1070,
  year      = {1996},
  pages     = {143--154},
  publisher = SV
}



@inproceedings{chaumdesconf,
  author    = {D. Chaum},
  title     = {Designated Confirmer Signatures},
  booktitle = EUROCRYPT # { '94},
  series = LNCS,
  volume = 950,
  year      = {1994},
  pages     = {86--91},
  publisher = SV
}




@inproceedings{AbCrFe,
  author    = {M. Abe and R. Cramer and S. Fehr},
  title     = {Non-interactive Distributed-Verifier Proofs and Proving Relations among Commitments},
  booktitle = ASIACRYPT # { 2002},
  series = LNCS,
  volume = 2501,
  year      = {2002},
  pages     = {206--223},
  publisher = SV
}

@inproceedings{canetticrypto97,
  author    = {R. Canetti},
  title     = {Towards realizing random oracles: Hash functions that hide all partial information},
  booktitle = CRYPTO # { '97},
  series = LNCS,
  volume = 1294,
  year      = {1997},
  pages     = {455--469},
  publisher = SV
}


@inproceedings{BeRo,
  author    = {M. Bellare and P. Rogaway},
  title     = {Random Oracles are Practical: A Paradigm for Designing Efficient Protocols},
  booktitle = CCS # { '93},
  year      = {1993},
  pages     = {62--73},
  publisher = ACM
}

@inproceedings{ReWa04,
  author    = {M. K. Reiter and
               X. Wang},
  title     = {Fragile mixing},
  booktitle = {11th } # CCS,
  year      = {2004},
  pages     = {227-235},
  publisher = ACM
}

@InProceedings{KiYu,
  author    = {A. Kiayias and M. Yung},
  title     = {The Vector-Ballot e-Voting Approach},
  booktitle = FC # { 2004},
  series = LNCS,
  volume = 3110,
  year      = 2004,
  pages     = {72--89},
  publisher = SV
}


@inproceedings{FuSa06,
  author    = {J. Furukawa and
               K. Sako},
  title     = {An Efficient Publicly Verifiable Mix-Net for Long Inputs},
  booktitle = FC # { 2006},
  year      = {2006},
  pages     = {111-125},
  publisher = SV,
  series    = LNCS,
  volume    = {4107}
}





@InProceedings{dani2003,
  author =       {I. Damg{\aa}rd and J. Buus Nielsen},
  title =        {Universally Composable Efficient Multiparty Computation from Threshold Homomorphic Encryption},
  booktitle =    CRYPTO # { 2003},
  year =         {2003},
  publisher = SV,
  volume = 2729,
  series = LNCS,
  pages = {247--267}
}

@InProceedings{hirtsako,
  author = {M. Hirt and K. Sako},
  title = {Efficient Reciept-Free Voting Based on Homomorphic Encryption},
  booktitle = EUROCRYPT # { 2000},
  series = LNCS,
  voluem = {1807},
  pages = {539--556},
  year = {2000},
  publisher = SV
}

@InProceedings{cami,
  author = {J. Camenisch and Markus Michels},
  title = {Confirmer Signature Schemes Secure Against Adaptive Adversaries},
  booktitle = EUROCRYPT # { 2000},
  series = LNCS,
  voluem = {1807},
  pages = {243--258},
  year = {2000},
  publisher = SV
}

@InProceedings{crgesc,
  author = {R. Cramer and R. Gennaro and B. Schoenmakers},
  title = {A secure and optimally efficient multi-authority election scheme},
  booktitle = EUROCRYPT # { '97},
  pages = {103--118},
  series = LNCS,
  volume = 1233,
  year = {1997},
  publisher = SV
}


@InProceedings{bt,
  author = {J. Benaloh and D. Tuinstra},
  title = {Receipt-free secret-ballot elections},
  booktitle = {26th } # STOC,
  pages = {544--553},
  year = 1994,
  publisher = ACM
}

@InProceedings{dns,
  author = {C. Dwork and M. Naor and A. Sahai},
  title = {Concurrent Zero-Knowledge},
  booktitle = {30th } # STOC,
  pages = {409--418},
  year = 1998,
  publisher = ACM
}



@InProceedings{BrGoMCWiFixedExp92,
  author =       {E.F. Brickell and D.M. Gordon and K.S. McCurly and D.B. Wilson},
  title =        {Fast Exponentiation with Precomputation},
  booktitle =    EUROCRYPT # { '92},
  year =         {1992},
  publisher = SV,
  volume = 658,
  series = LNCS,
  pages = {200--207}
}

@InProceedings{bapf,
  author = {N. Bari\'c and B. Pfitzmann},
  title = {Collision-free accumulators and fail-stop signature scheme},
  booktitle = EUROCRYPT # { '97},
  series = LNCS,
  volume = 1233,
  pages = {480--494},
  year = 1997,
  publisher = SV
}

@InProceedings{blum,
  author = {M. Blum},
  title = {Coin flipping by telephone},
  booktitle = CRYPTO # { '81},
  pages     = {11--15},
  year      = {1981}
}

@InProceedings{mixmatch,
  author = {M. Jakobsson and A. Juels},
  title = {Mix and Match: Secure Function Evaluation via Ciphertexts},
  booktitle = ASIACRYPT # { 2000},
  series = LNCS,
  volume = 1976,
  pages = {162--177},
  year = 2000,
  publisher = SV
}

@InProceedings{NaYu90,
  author = {M. Naor and M. Yung},
  title = {Public-key cryptosystems provably secure against chosen ciphertext attack},
  booktitle = {22th } # STOC,
  pages = {427--437},
  year = {1990},
  publisher = ACM
}

@InProceedings{ccd,
  author = {D. Chaum and C. Crépeau and I. Damg{\aa}rd},
  title = {Multiparty unconditionally secure protocols},
  booktitle = {20th } # STOC,
  pages = {11--19},
  year = {1988},
  publisher = ACM
}

@InProceedings{bgw,
  author = {M. Ben-Or and S. Goldwasser and A. Wigderson},
  title = {Completeness theorems for non-cryptographic fault-tolerant distributed computation},
  booktitle = {20th } # STOC,
  pages = {1--10},
  year = {1988},
  publisher = ACM
}

@InProceedings{lilyra,
  author = {Y. Lindell, A. Lysyanskaya, T. Rabin},
  title = {On the Composition of Authenticated Byzantine Agreement},
  booktitle = {34th } # STOC,
  pages = {514--523},
  year = {2002},
  publisher = ACM
}

@InProceedings{goli,
  author = {S. Goldwasser and Y. Lindell},
  title = {Secure Multi-Party Computation Without Agreement},
  booktitle = {16th } # PODC,
  series = LNCS,
  volume = 2508,
  pages = {17--32},
  year = 2002
}


@InProceedings{jajuri,
  author = {M. Jakobsson and A. Juels and R. Rivest},
  title = {Making Mix Nets Robust for Electronic Voting by Randomized Partial Checking},
  booktitle = {11th USENIX Security Symposium},
  pages = {339--353},
  year = 2002,
  publisher = {USENIX}
}

@InProceedings{jara,
  author = {M. Jakobsson and D. M'Raihi},
  title = {Mix-based Electronic Payments},
  booktitle = SAC # { '98},
  series = LNCS,
  volume = 1556,
  pages = {157--173},
  year = 1998,
  publisher = SV
}

@InProceedings{lile,
  author = {C. H. Lim and P. J. Lee},
  title = {A Key Recovery Attack on Discrete Log-based Schemes Using a Prime Order Subgroup},
  booktitle = CRYPTO # { '97},
  series = LNCS,
  volume = 1294,
  pages = {249--263},
  year = 1997,
  publisher = SV
}


@InProceedings{wag,
  author = {D. Wagner},
  title = {A Generalized Birthday Problem},
  booktitle = CRYPTO # { 2002},
  series = LNCS,
  volume = 2442,
  pages = {288--304},
  year = 2002,
  publisher = SV
}

@InProceedings{af,
  author = {M. Abe and S. Fehr},
  title = {Adaptively Secure Feldman {VSS} and Applications to Universally-Composable Threshold Cryptography},
  booktitle = CRYPTO # { 2004},
  series = LNCS,
  volume = 3152,
  pages = {317--334},
  year = 2004,
  publisher = SV,
  note = EPRINTPRE # {2004/118} # EPRINTURL # {May, 2004} # EPRINTPOST
}

@InProceedings{abe,
  author = {M. Abe},
  title = {Universally Verifiable mix-net with Verification Work Independent of the Number of Mix-centers},
  booktitle = EUROCRYPT # { '98}, 
  series = LNCS,
  volume = 1403,
  pages = {437--447},
  year = 1998,
  publisher = SV,
}

@InProceedings{ai,
  author = {M. Abe and H. Imai},
  title = {Flaws in Some Robust Optimistic Mix-Nets},
  booktitle = ACISP # { 2003},
  series = LNCS,
  volume = 2727, 
  pages = {39--50},
  year = 2003,
  publisher = SV,
}

@InProceedings{beav,
  author = {D. Beaver},
  title = {Foundations of secure interactive computation},
  booktitle = CRYPTO # { '91},
  series = LNCS,
  volume = 576, 
  pages = {377--391},
  year = 1991,
  publisher = SV 
}

@InProceedings{bofr,
  author = {D. Boneh and M. Franklin},
  title = {Efficient generation of shared {RSA} keys},
  booktitle = CRYPTO # { '97},
  series = LNCS,
  volume = 1233, 
  pages = {425--439},
  year = 1997,
  publisher = SV
}

@inproceedings{canetti,
  author    = {R. Canetti},
  title     = {Universally Composable Security: A New Paradigm for Cryptographic Protocols.},
  booktitle = {42nd } # FOCS,
  year      = {2001},
  pages     = {136--145},
  publisher = IEEE,
  note = EPRINTPRE # {2000/067} # EPRINTURL # OCT # {, 2001} # EPRINTPOST
}

@InProceedings{cf,
  author = {J. Cohen and M. Fischer},
  title = {A robust and verifiable cryptographically secure election scheme},
  booktitle = {28th } # FOCS,
  pages = {372--382},
  year = 1985,
  publisher = IEEE
}

@InProceedings{clos,
  author = {R. Canetti and Y. Lindell and R. Ostrovsky and A. Sahai},
  title = {Universally Composable Two-Party and Multi-Party Secure Computation},
  booktitle = {34th } # STOC,
  pages = {449--503},  
  year = 2002,
  publisher = ACM
}

@InProceedings{dafu,
  author = {I. Damg{\aa}rd and E. Fujisaki},
  title = {A Statistically-Hiding Integer Commitment Scheme Based on Groups with Hidden Order},
  booktitle = ASIACRYPT # { 2002},
  series = LNCS,
  volume = 2501, 
  pages = {125--142},
  year = 2002,
  publisher = SV
}

@InProceedings{breakpract,
  author = {Y. Desmedt and K. Kurosawa},
  title = {How to break a practical {MIX} and design a new one},
  booktitle = EUROCRYPT # { 2000},
  series = LNCS,
  volume = 1807,
  pages = {557--572},
  year = 2000,
  publisher = SV
}

@InProceedings{feld,
  author = {P. Feldman},
  title = {A practical scheme for non-interactive verifiable secret sharing},
  booktitle = {28th } # FOCS,
  pages = {427--438},
  year = 1987,
  publisher = IEEE
}

@InProceedings{fuokoh,
  author = {A. Fujioka and T. Okamoto and K. Ohta},
  title = {A practical secret voting scheme for large scale elections},
  booktitle = AUSCRYPT # { '92},
  series = LNCS,
  volume = 718, 
  pages = {244--251},
  year = 1992,
  publisher = SV
}

@InProceedings{okadesconf,
  author = {T. Okamoto},
  title = {Designated confirmer signatures and public key encryption are equivalent},
  booktitle = CRYPTO # { '94},
  series = LNCS,
  volume = 839, 
  pages = {61--74},
  year = 1994,
  publisher = SV
}

@InProceedings{gowa,
  author = {S. Goldwasser and E. Waisbard},
  title = {Transformation of Digital Signature Schemes into Designated Confirmer Signatures},
  booktitle = {1st } # TCC,
  series = LNCS,
  volume = 2951,
  pages = {77--100},
  year = 2004,
  publisher = SV
}

@InProceedings{mist,
  author = {M. Michels and M. Stadler},
  title = {Generic constructions for secure and efficient confirmer signature schemes},
  booktitle = EUROCRYPT # { 1998},
  series = LNCS,
  volume = 1403, 
  pages = {406--421},
  year = 1998,
  publisher = SV
}




@InProceedings{cash,
  author = {J. Camensisch and V. Shoup},
  title = {Practical verifiable encryption and decryption of discrete logarithms},
  booktitle = CRYPTO # { 2003},
  series = LNCS,
  volume = 2729, 
  pages = {126--144},
  year = 2003,
  publisher = SV
}

@InProceedings{gemora,
  author = {C. Gentry and D. Molnar and Z. Ramzan},
  title = {Efficient Designated Confirmer Signatures Without Random Oracles or Zero-Knowledge Proofs (Extended Abstract)},
  booktitle = ASIACRYPT # { 2005},
  series = LNCS,
  volume = 3788, 
  pages = {662--681},
  year = 2005,
  publisher = SV
}

@InProceedings{fusa,
  author = {J. Furukawa and K. Sako},
  title = {An efficient scheme for proving a shuffle},
  booktitle = CRYPTO # { 2001},
  series = LNCS,
  volume = 2139, 
  pages = {368--387},
  year = 2001,
  publisher = SV
}



@inproceedings{fuetal,
  author = {J. Furukawa and H. Miyauchi and K. Mori and S. Obana and K. Sako},
  title     = {An Implementation of a Universally Verifiable Electronic Voting Scheme based on Shuffling},
  booktitle = FC # { 2002}, 
  series = LNCS,
  volume = 2357,
  pages     = {16--30},
  year      = {2002},
  publisher = SV
}

@InProceedings{fu2,
  author = {J. Furukawa},
  title = {Efficient, Verifiable Shuffle Decryption and its Requirements of Unlinkability},
  booktitle = PKC # { 2004},
  series = LNCS,
  volume = 2947,
  pages = {319--332},
  year = 2004,
  publisher = SV
}

@inproceedings{HoScSkVi09,
  author    = {S. de Hoogh and
               B. Schoenmakers and
               B. Skoric and
               J. Villegas},
  title     = {Verifiable Rotation of Homomorphic Encryptions},
  booktitle = PKC # { 2009},
  series = LNCS,
  volume    = {5443},
  year      = {2009},
  pages     = {393-410},
  publisher = SV
}



@inproceedings{cdm,
  author    = {R. Cramer and I. Damg{\aa}rd and P. D. MacKenzie},
  title     = {Efficient Zero-Knowledge Proofs of Knowledge Without Intractability Assumptions},
  booktitle = PKC # { 2000},
  pages     = {354--372},
  volume    = 1751,
  year      = 2000,
  publisher = SV
}


@InProceedings{gmw,
  author = {O. Goldreich and S. Micali and A. Wigderson},
  title = {How to Play Any Mental Game},
  booktitle = {19th } # STOC,
  pages = {218--229},
  year = 1987,
  publisher = ACM
}

@InProceedings{ddn,
  author = {D. Dolev and C. Dwork and M. Naor},
  title = {Non-Malleable Cryptography},
  booktitle = {23rd } # STOC,
  pages = {542--552},
  year = 1991,
  publisher = ACM
}

@InProceedings{passrosen,
  author = {R. Pass and A. Rosen},
  title = {New and improved constructions of non-malleable cryptographic protocols},
  booktitle = {37th } # STOC,
  pages = {533--542},
  year = 2005,
  publisher = ACM
}

@InProceedings{gole,
  author = {S. Goldwasser and L. Levin},
  title = {Fair computation of general functions in presence of immoral majority},
  booktitle = CRYPTO # { '90},
  series = LNCS,
  volume = 537,
  pages = {77--93},
  year = 1990,
  publisher = SV
}


@InProceedings{optimistic,
  author = {P. Golle and S. Zhong and D. Boneh and M. Jakobsson and A. Juels},
  title = {Optimistic Mixing for Exit-Polls},
  booktitle = ASIACRYPT # { 2002},
  series = LNCS,
  volume = 2501,
  pages = {451--465},
  year = 2002,
  publisher = SV
}

@InProceedings{groth,
  author = {J. Groth},
  title = {A Verifiable Secret Shuffle of Homomorphic Encryptions},
  booktitle = PKC # { 2003},
  series = LNCS,
  volume = 2567,
  pages = {145--160},
  year = 2003,
  publisher = SV
}

@InProceedings{hamdy,
  author = {J. Buchmann, S. Hamdy},
  title = {A Survey on {IQ} Cryptography},
  booktitle = {Public-Key Cryptography and Computational Number Theory},
  pages = {1--15},
  year = 2001,
  publisher = {Walter de Gruyter}
}

@InProceedings{practmix,
  author = {M. Jakobsson},
  title = {A Practical Mix},
  booktitle = EUROCRYPT # { '98},
  series = LNCS,
  volume = 1403, 
  pages = {448--461},
  year = 1998,
  publisher = SV
}

@InProceedings{bfpps,
  author = {O. Baudron and P.A. Fouque and D. Pointcheval and G. Poupard and J. Stern},
  title = {Practical Multi-Candidate Election Scheme},
  booktitle = {20th } # PODC,
  pages = {274--283},
  year = {2001},
  publisher = ACM
}

@InProceedings{by,
  author =  {J. Benaloh and M. Yung},
  title = {Distributing the power of a government to enhance the privacy of voters},
  booktitle = {5th } # PODC,
  pages = {52--62},
  year = {1986},
  publisher = ACM
}

@InProceedings{flashmix,
  author = {M. Jakobsson},
  title = {Flash Mixing}, 
  booktitle = {19th } # PODC,
  pages = {83--89},
  year = 1998,
  publisher = ACM
}

@InProceedings{jaju2,
  author = {M. Jakobsson and A. Juels},
  title = {An Optimally Robust Hybrid Mix Network},
  booktitle = {20th } # PODC,  
  pages = {284--292}, 
  year = 2001,
  publisher = ACM
}

@InProceedings{miro,
  author = {S. Micali and P. Rogaway},
  title = {Secure Computation},
  booktitle = CRYPTO # { '91},
  series = LNCS,
  volume = 576, 
  pages = {392--404},
  year = 1991,
  publisher = SV
}

@InProceedings{miho,
  author = {M. Michels and P. Horster},
  title = {Some remarks on a reciept-free and universally verifiable Mix-type voting scheme},
  booktitle = ASIACRYPT # { '96},
  series = LNCS,
  volume = 1163,
  pages =  {125--132}, 
  year = 1996,
  publisher = SV
}


@InProceedings{breakflash,
  author = {M. Mitomo and K. Kurosawa},
  title = {Attack for Flash {MIX}},
  booktitle = ASIACRYPT # { 2000}, 
  series = LNCS,
  volume = 1976,
  pages = {192--204}, 
  year = 2000,
  publisher = SV
}

@InProceedings{nef,
  author = {A. Neff},
  title = {A verifiable secret shuffle and its application to E-Voting},
  booktitle = {8th } # CCS,
  pages = {116--125},
  year = {2001},
  publisher = ACM,
}


@InProceedings{niemiren,
  author = {V. Niemi and A. Renvall},
  title = {How to prevent buying of votes in computer elections},
  booktitle = ASIACRYPT # { '94},
  series = LNCS,
  volume = 917, 
  pages = {164--170},
  year = 1994,
  publisher = SV
}

@InProceedings{ogkusata,
  author = {W. Ogata and K. Kurosawa and K. Sako and K. Takatani},
  title = {Fault Tolerant Anonymous Channel},
  booktitle = {1st } # ICICS,
  series = LNCS,
  volume = 1334,
  pages = {440--444},
  year = 1997,
  publisher = SV
}

@InProceedings{paitku,
  author = {C. Park and K. Itoh and K. Kurosawa},
  title = {Efficient Anonymous Channel and All/Nothing Election Scheme},
  booktitle = EUROCRYPT # { '93},
  series = LNCS,
  volume = 765,
  pages = {248--259},
  year = 1994,
  publisher = SV
}

@InProceedings{pfitz,
  author = {B. Pfitzmann},
  title = {Breaking an Efficient Anonymous Channel},
  booktitle = EUROCRYPT # { '94},
  series = LNCS,
  volume = 950,
  pages = {332--340},
  year = 1995,
  publisher = SV
}


@InProceedings{pfitz2,
  author = {B. Pfitzmann and A. Pfitzmann},
  title = {How to break the direct {RSA}-implementation of mixes},
  booktitle = EUROCRYPT # { '89},
  series = LNCS,
  volume = 434,
  pages = {373--381},
  year = 1990,
  publisher = SV
}

@InProceedings{pfwa,
  author = {B. Pfitzmann and M. Waidner},
  title = {Composition and Integrity Preservation of Secure Reactive Systems},
  booktitle = {7th } # CCS, 
  pages = {245--254},
  year = 2000,
  publisher = ACM
}

@InProceedings{saki,
  author = {K. Sako and J. Kilian},
  title = {Reciept-free Mix-Type Voting Scheme},
  booktitle = EUROCRYPT # { '95},
  series = LNCS,
  volume = 921, 
  pages = {393--403},
  year = 1995,
  publisher = SV
}

@InProceedings{wiksac,
  author = {D. Wikstr\"om},
  title = {Five Practical Attacks for ``Optimistic Mixing for Exit-Polls''},
  booktitle = SAC # { 2003},
  series = LNCS,
  volume = {3006},
  pages = {160--174},
  year = 2003,
  publisher = SV
}

@InProceedings{wik2002a,
  author = {D. Wikstr\"om},
  title = {A Note on the Malleability of the El Gamal Cryptosystem},
  booktitle = INDOCRYPT # { 2002},
  series = LNCS,
  volume = {2551},
  pages = {176--184},
  year = 2002,
  publisher = SV
}

@InProceedings{wik2002b,
  author = {D. Wikstr\"om},
  title = {The Security of a Mix-Center Based on a Semantically Secure Cryptosystem},
  booktitle = INDOCRYPT # { 2002},
  series = LNCS,
  volume = {2551},
  pages = {368--381},
  year = 2002,
  publisher = SV
}

@InProceedings{wikdkg,
  author = {D. Wikstr\"om},
  title = {Universally Composable {DKG} with Linear Number of Exponentiations},
  booktitle = SCN # { 2004},
  series = LNCS,
  volume = {3352},
  pages = {263--277},
  year = 2004,
  publisher = SV
}

@inproceedings{wik2008,
  author    = {D. Wikstr{\"o}m},
  title     = {Simplified Submission of Inputs to Protocols},
  booktitle = SCN # { 2008},
  series    = LNCS,
  volume    = {5229},
  pages     = {293-308},
  year      = {2008},
  publisher = SV
}

@InProceedings{wiktcc,
  author = {D. Wikstr\"om},
  title = {A Universally Composable Mix-Net},
  booktitle = {1st } # TCC,
  series = LNCS,
  volume = 2951,
  pages = {315--335},
  year = 2004,
  publisher = SV
}

@InProceedings{wikfast,
  author = {D. Wikstr\"om},
  title = {A Sender Verifiable Mix-Net and a New Proof of a Shuffle},
  booktitle = ASIACRYPT # { 2005},
  series = LNCS,
  volume = 3788,
  pages = {273--292},
  year = 2005,
  publisher = SV
}

@InProceedings{wikgroth,
  author = {D. Wikstr\"om and J. Groth},
  title = {An Adaptively Secure Mix-Net Without Erasures},
  booktitle = {33rd } # ICALP,
  series = LNCS,
  volume = 4052,
  pages = {276--287},
  year = 2006,
  publisher = SV
}


@inproceedings{AW07,
  author    = {B. Adida and
               D. Wikstr{\"o}m},
  title     = {Offline/Online Mixing},
  year      = {2007},
  pages     = {484-495},
  booktitle = {34th } # ICALP,
  publisher = SV,
  series    = LNCS,
  volume    = {4596},
}



@InProceedings{TrWiicalp,
  author = {M. Trolin and D. Wikstr\"om},
  title =  {Hierarchical Group Signatures},
  booktitle = {32nd } # ICALP,
  series = LNCS,
  volume = 3580,
  pages = {446--458},
  year = 2005,
  publisher = SV,
  note = {(Full version \cite{TrWiicalpTR})}
}

@InProceedings{wikgcd,
  author = {D. Wikstr\"om},
  title = {On the $l$-Ary {GCD}-Algorithm in Rings of Integers},
  booktitle = {32nd } # ICALP,
  series = LNCS,
  volume = 3580,
  pages = {1189--1201},
  year = 2005,
  publisher = SV
}


@InProceedings{dagr,
  author = {I. Damg{\aa}rd and J. Groth},
  title = {Non-interactive and Reusable Non-malleable Commitment Schemes},
  booktitle = {35th } # STOC,
  pages = {426--437},
  year = 2003,
  publisher = ACM
}

@InProceedings{lype,
  author = {A. Lysyanskaya and C. Peikert},
  title = {Adaptive Security in the Threshold Setting: From Cryptosystems to Signature Schemes},
  booktitle = ASIACRYPT # { 2001},
  series = LNCS,
  volume = 2248, 
  pages = {331--350},
  year = 2001,
  publisher = SV
}

@InProceedings{dj,
  author = {I. Damg{\aa}rd and M. Jurik},
  title = {A Generalisation, a Simplification and Some Applications of Paillier's Probabilistic Public-Key System},
  booktitle = PKC # { 2001},
  series = LNCS,
  volume = 1992,
  pages = {119--136},
  year = 2001,
  publisher = SV
}

@inproceedings{ou,
  author    = {T. Okamoto and
               S. Uchiyama},
  title     = {A New Public-Key Cryptosystem as Secure as Factoring.},
  booktitle = EUROCRYPT # { '98},
  year      = 1998,
  pages     = {308--318},
  volume    = {1403},
  series = LNCS,
  publisher = SV,
}
@InProceedings{paillier,
  author = {P. Paillier},
  title = {Public-Key Cryptosystems Based on Composite Degree Residuosity Classes},
  booktitle = EUROCRYPT # { '99},
  series = LNCS,
  volume = 1592,
  pages = {223--238},
  year = 1999,
  publisher = SV
}

@InProceedings{Brands,
  author = {S. Brands},
  title = {Untraceable off-line cash in wallets with observers},
  booktitle = CRYPTO # { '93},
  pages = {302--318},
  year = 1994,
  volume = 773,
  series = LNCS,
  publisher = SV
}

@inproceedings{verenc,
  author    = {J. Camenisch and V. Shoup},
  title     = {Practical Verifiable Encryption and Decryption of Discrete
               Logarithms},
  booktitle = CRYPTO # { 2003},
  pages     = {126--144},
  year      = 2003,
  volume    = 2729,
  series = LNCS,
  publisher = SV
}


@InProceedings{BrickellGemmellKravitz,
  author = {E. Brickell and P. Gemmell and D. Kravitz},
  title = {Tracing Extensions to Anonymous Cash and the Making
of Anonymous Change},
  booktitle = {6th } # SODA,
  pages = {457--466},
  year = 1995,
  publisher = ACM
}

@InProceedings{FiatShamir,
  author = {A. Fiat and A. Shamir},
  title = {How to prove yourself. practical solutions to identification and signature problems},
  booktitle = CRYPTO # { '86},
  series = LNCS,
  volume = 263,
  pages = {186--189},
  year = 1986,
  publisher = SV
}

@InProceedings{ChaumFiatNaor,
  author = {D. Chaum and A. Fiat and M. Naor},
  title = {Untraceable Electronic Cash},
  booktitle = CRYPTO # { '88},
  pages = {319--327},
  year = 1990,
  volume = 403,
  series = LNCS,
  publisher = SV
}

@InProceedings{Ferguson,
  author = {N.T. Ferguson},
  title = {Single term off-line coins},
  booktitle = EUROCRYPT # { '93},
  pages = {318--328},
  year = 1993,
  volume = 765,
  series = LNCS,
  publisher = SV
}

@InProceedings{Merkle,
  author = {R. Merkle},
  title = {Protocols for public key cryptosystems},
  booktitle = {1980 } # IEEESandP,
  year = 1980,
  publisher = IEEE
}

@InProceedings{OkamotoOhta,
  author = {T. Okamoto and K. Ohta},
  title = {Universal Electronic Cash},
  booktitle = CRYPTO # { '91},
  pages = {324--337},
  year = 1992,
  volume = 576,
  series = LNCS,
  publisher = SV
}

@InProceedings{SanderTaShma,
  author = {T. Sander and A. Ta-Shma},
  title = {Auditable, Anonymous Electronic Cash},
  booktitle = CRYPTO # { '99},
  pages = {555--572},
  year = 1999,
  volume = 1666,
  series = LNCS,
  publisher = SV
}

@InProceedings{BeGo92,
  author = {M. Bellare and O. Goldreich},
  title = {On Defining Proofs of Knowledge},
  booktitle = CRYPTO # { '92},
  pages = {390--420},
  year = 1992,
  volume = 740,
  series = LNCS,
  publisher = SV
}

@InProceedings{CrDaSc94,
  author = {R. Cramer and I. Damg{\aa}rd and B. Schoenmakers},
  title = {Proofs of partial knowledge and simplified design of witness
hiding protocols},
  booktitle = CRYPTO # { '94},
  pages = {174--187},
  year = 1994,
  volume = 839,
  series = LNCS,
  publisher = SV
}

@InProceedings{BeGo89,
  author = {M. Bellare and S. Goldwasser},
  title = {New paradigms for
digital signatures and message authentication based on
non-initeractive zero knowledge proofs},
  booktitle = CRYPTO # { '89},
  pages = {194--211},
  year = 1989,
  volume = 435,
  series = LNCS,
  publisher = SV
}

@InProceedings{DeSan01,
  author = {A. De Santis and G. Di Crescenzo and R. Ostrovsky and
G. Persiano and A. Sahai},
  title = {Robust Non-interactive Zero Knowledge},
  booktitle = CRYPTO # { 2001},
  pages = {566--598},
  year = 2001,
  volume = 2139,
  series = LNCS,
  publisher = SV
}

@InProceedings{sahai99,
  author = {A. Sahai},
  title = {Non-malleable non-interactive
zero-knowledge and adaptive chosen-ciphertext security},
  booktitle = {40th } # FOCS,
  pages = {543--553},
  year = 1999,
  publisher = IEEE,
}

@InProceedings{BlFeMi88,
  author =       {M. Blum and P. Feldman and S. Micali},
  title =        {Non-interactive zero-knowledge and its applications},
  booktitle = {20th } # STOC,
  pages = {103--118},
  year = 1988,
  publisher = ACM
}

@InProceedings{yao,
  author =       {A. C. Yao},
  title =        {Theory and Application of Trapdoor Functions},
  booktitle = {23rd } # FOCS,
  pages = {80--91},
  year = 1982,
  publisher = IEEE
}

@Article{BlMi,
  author =       {M. Blum and S. Micali},
  title =        {How to Generate Cryptographically Strong Sequences of Pseudo-Random Bits},
  journal = JoComp,
  volume = 13,
  pages = {850--864},
  year = 1984
}

@InProceedings{BeMiWa03,
  author = {M. Bellare and D. Micciancio and B. Warinschi},
  title = {Foundations of Group Signatures: Formal Definitions, 
Simplified Requirements, and a Construction Based 
on General Assumptions},
  booktitle = EUROCRYPT # { 2003},
  pages = {614--629},
  year = 2003,
  volume = 2656,
  series = LNCS,
  publisher = SV
}

@InProceedings{Camenisch2000,
  author = {G. Ateniese and J. Camenisch and M. Joye and G. Tsudik},
  title = {A practical and provably secure coalition-resistant group signature
scheme},
  booktitle = CRYPTO # { 2000},
  pages = {255--270},
  year = 2000,
  volume = 1880,
  series = LNCS,
  publisher = SV
}

@InProceedings{AtenieseTsudik1999,
  author = {G. Ateniese and G. Tsudik},
  title = {Some open issues and directions in group signatures},
  booktitle = FC # { '99},
  pages = {196--211},
  year = 1999,
  volume = 1648,
  series = LNCS,
  publisher = SV
}

@InProceedings{IntervalProof,
  author = {F. Boudot},
  title = {Efficient Proofs that a Committed Number Lies in an Interval},
  booktitle = EUROCRYPT # { 2000},
  pages = {431--444},
  year = 2000,
  volume = 1807,
  series = LNCS,
  publisher = SV
}

@InProceedings{BoudotTraore,
  author = {F. Boudot and J. Traor{\'e}},
  title = {Efficient Publicly Veriable Secret Sharing Schemes with
Fast or Delayed Recovery},
  booktitle = {2nd } # ICICS,
  pages = {87--102},
  year = 1999,
  volume = 1726,
  series = LNCS,
  publisher = SV
}

@InProceedings{CamenischEC97,
  author = {J. Camenisch},
  title = {Efficient and generalized group signature},
  booktitle = EUROCRYPT # { '97},
  pages = {465--479},
  year = 1997,
  volume = 1233,
  series = LNCS,
  publisher = SV
}

@InProceedings{CamenischMichels98,
  author = {J. Camenisch and M. Michels},
  title = {A group signature scheme with improved effiency},
  booktitle = ASIACRYPT # { '98},
  pages = {160--174},
  year = 1999,
  volume = 1514,
  series = LNCS,
  publisher = SV
}

@InProceedings{CamenischMichelsEC99,
  author = {J. Camenisch and M. Michels},
  title = {Proving in Zero-Knowledge that a Number is the
Product of Two Safe Primes},
  booktitle = EUROCRYPT # { '99},
  pages = {106--121},
  year = 1999,
  volume = 1592,
  series = LNCS,
  publisher = SV
}

@InProceedings{CamenischMichelsC99,
  author = {J. Camenisch and M. Michels},
  title = {Separability and Efficiency for Generic Group Signature Schemes},
  booktitle = CRYPTO # { '99},
  pages = {413--430},
  year = 1999,
  volume = 1666,
  series = LNCS,
  publisher = SV
}

@InProceedings{Camenisch97,
  author = {J. Camenisch and M. Stadler},
  title = {Efficient group signature schemes for large groups},
  booktitle = CRYPTO # { '97},
  pages = {410--424},
  year = 1997,
  volume = 1294,
  series = LNCS,
  publisher = SV
}

@InProceedings{Chaum91,
  author = {D. Chaum and E. van Heyst},
  title = {Group signatures},
  booktitle = EUROCRYPT # { '91},
  pages = {257--265},
  year = 1991,
  volume = 547,
  series = LNCS,
  publisher = SV
}

@InProceedings{ChHePf91,
  author = {D. Chaum and E. van Heijst and B. Pfitzmann},
  title = {Cryptographically Strong Undeniable Signatures, Unconditionally Secure for the Signer},
  booktitle = CRYPTO # { '91},
  pages = {470--484},
  year = 1991,
  volume = 576,
  series = LNCS,
  publisher = SV
}

@InProceedings{Chen94,
  author = {L. Chen and T. P. Pedersen},
  title = {New group signature schemes},
  booktitle = EUROCRYPT # { '94},
  pages = {171--181},
  year = 1994,
  volume = 950,
  series = LNCS,
  publisher = SV
}

@InProceedings{pedersen,
  author = {T. P. Pedersen},
  title = {Non-interactive and information-theoretic secure verifiable secret sharing},
  booktitle = CRYPTO # { '91},
  pages = {129--140},
  year = 1992,
  volume = 576,
  series = LNCS,
  publisher = SV
}

@InProceedings{crsh,
  author = {R. Cramer and V. Shoup},
  title = {A Practical Public
Key Cryptosystem Provably Secure against Adaptive Chosen Ciphertext
Attack},
  booktitle = CRYPTO # { '98},
  pages = {13--25},
  year = 1998,
  volume = 1462,
  series = LNCS,
  publisher = SV
}

@InProceedings{crshsig,
  author = {R. Cramer and V. Shoup},
  title = {Signature Schemes Based on the Strong {RSA} Assumption},
  booktitle = {6th } # CCS,
  pages = {46--51},
  year = 1999,
  publisher = ACM,
}

@InProceedings{GoLe89,
  author = {O. Goldreich and L. Levin},
  title = {A Hard-Core Predicate for all One-Way Functions},
  booktitle = {21st } # STOC,
  pages = {25--32},
  year = 1989,
  publisher = ACM,
}

@InProceedings{FujisakiOkamoto,
  author = {E. Fujisaki and T. Okamoto},
  title = {Statistical Zero Knowledge Protocols to Prove
Modular Polynomial Relations},
  booktitle = CRYPTO # { '97},
  pages = {16--30},
  year = 1997,
  volume = 1294,
  series = LNCS,
  publisher = SV
}

@InProceedings{Lysyanskaya98,
  author = {A. Lysyanskaya and Z. Ramzan},
  title = {Group blind digital signatures: A scalable solution to
electronic cash},
  booktitle = FC # { '98},
  pages = {184--197},
  year = 1998,
  volume = 1465,
  series = LNCS,
  publisher = SV
}

@InProceedings{MiRaKi2003,
  author = {S. Micali and M. Rabin and J. Kilian},
  title = {Zero-knowledge sets},
  booktitle = {44th } # FOCS,
  pages = {80--91},
  year = 2003,
  publisher = IEEE,
}

@InProceedings{stadler,
  author = {M. Stadler},
  title = {Publicly Verifiable Secret Sharing},
  booktitle = EUROCRYPT # { '96},
  pages = {190--199},
  year = 1996,
  volume = 1070,
  series = LNCS,
  publisher = SV
}

@InProceedings{ty,
  author = {Y. Tsiounis and M. Yung},
  title = {On the Security of ElGamal Based Encryption},
  booktitle = PKC # { '98},
  pages = {117--134},
  year = 1998,
  volume = 1431,
  series = LNCS,
  publisher = SV 
}

@InProceedings{YYfind,
  author = {A. Young and M. Yung},
  title = {Finding Length-3 Positive
{Cunningham} Chains and Their Cryptographic Significance},
  booktitle = ANTS # { III},
  pages = {289--298},
  year = 1998,
  volume = 1423,
  series = LNCS,
  publisher = SV 
}

@InProceedings{babai85,
  author = {L. Babai},
  title = {Trading Group Theory for Randomness},
  booktitle = {17th } # STOC,
  pages = {421--429},
  year = 1985,
  publisher = ACM,
}


@InProceedings{HierMultigroups,
  author = {S. Kim and S. Park and D. Won},
  title = {Group Signatures for Hierarchical Multigroups},
  booktitle = ISW # { '97},
  pages = {273--281},
  year = 1998,
  volume = 1396,
  series = LNCS,
  publisher = SV 
}

@InProceedings{CaGoHa98,
  author =       {R. Canetti and O. Goldreich and S. Halevi},
  title =        {The Random Oracle Model Revisited},
  booktitle = {30th } # STOC,
  pages = {209--218},
  year = 1998,
  publisher = ACM
}

@InProceedings{DoDwNa,
  author = {D. Dolev and C. Dwork and M. Naor},
  title = {Non-malleable cryptography},
  booktitle = {23rd } # STOC,
  pages = {542--552},
  year = 1991,
  publisher = ACM
}

@InProceedings{NaYu,
  author = {M. Naor and M. Yung},
  title = {Public-key cryptosystems provably secure against chosen ciphertext attacks},
  booktitle = {22nd } # STOC,
  pages = {427--437},
  year = 1990,
  publisher = ACM
}

@InProceedings{RaSi91,
  author = {C. Rackoff and D. Simon},
  title = {Non-Interactive Zero-Knowledge Proof of Knowledge and Chosen Ciphertext Attack},
  booktitle = CRYPTO # { '91},
  pages = {433--444},
  year = 1991,
  volume = 576,
  series = LNCS,
  publisher = SV 
}

@InProceedings{ZaDaCoCr04,
  author = {C. Zamfir and A. Damian and I. Constandache and V. Cristea},
  title = {An Efficient Ecash Platform for Smart Phones},
  booktitle = {E\_COMM\_LINE 2004},
  pages = {5--9},
  year = 2004,
  isbn = {973-0-03671-3}
}

@InProceedings{Khot04,
  author =       {S. Khot},
  title =        {Hardness of Approximating the Shortest Vector Problem in Lattices},
  booktitle =    {45th } # FOCS,
  year =         {2004},
  publisher = IEEE
}

@InProceedings{KiTsYuTraceable,
  author =       {A. Kiayias and Y. Tsiounis and M. Yung},
  title =        {Traceable Signatures},
  booktitle =    EUROCRYPT # { 2004},
  year =         {2004},
  publisher = SV,
  volume = 3027,
  series = LNCS,
}

@InProceedings{BeBoDePoKeyPrivacy,
  author =       {M. Bellare and A. Boldyreva and A. Desai and D. Pointcheval},
  title =        {Key-Privacy in Public-Key Encryption},
  booktitle =    ASIACRYPT # { 2001},
  year =         {2001},
  publisher = SV,
  volume = 2248,
  series = LNCS,
}

@InProceedings{AbRoTwoViews,
  author =       {M. Abadi and P. Rogaway},
  title =        {Reconciling Two Views of Cryptography (The Computational Soundness of Formal Encryption)},
  booktitle =    IFIPTCS # { 2000},
  year =         {2000},
  publisher = SV,
  volume = 1872,
  series = LNCS,
}

@InProceedings{BeShZhDynamicGroups,
  author =       {M. Bellare and H. Shi and C. Zhang},
  title =        {Foundations of Group Signatures: The Case of Dynamic Groups},
  booktitle =    RSACT # { 2005},
  year =         {2005},
  note = EPRINTPRE # {2004/077} # EPRINTURL # {May, 2004} # EPRINTPOST
}

@InProceedings{BoBoSh,
  author =       {D. Boneh and X. Boyen and H. Shacham},
  title =        {Short Group Signatures},
  booktitle =    CRYPTO # { 2004},
  year =         {2004},
  publisher = SV,
  volume = 3152,
  series = LNCS,
}

@InProceedings{CaLyBilinearMaps,
  author =       {J. Camenisch and A. Lysyanskaya},
  title =        {Signature Schemes and Anonymous Credentials from Bilinear Maps},
  booktitle =    CRYPTO # { 2004},
  year =         {2004},
  publisher = SV,
  volume = 3152,
  series = LNCS,
}

@InProceedings{CaGr2004,
  author =       {J. Camenisch and J. Groth},
  title =        {Group Signatures: Better Efficiency and New Theoretical Aspects},
  booktitle =    SCN # { 2004},
  year =         {2005},
  publisher = SV,
  volume = 3352,
  series = LNCS,
}

@InProceedings{MoExp,
  author =       {B. M\"oller},
  title =        {Algorithms for Multi-exponentation},
  booktitle =    SAC # { 2001},
  year =         {2001},
  publisher = SV,
  volume = 2259,
  series = LNCS,
  pages = {165--180}
}


@InProceedings{NaYuCCA,
  author = {M. Naor and M. Yung},
  title = {Public-key Cryptosystems Provably Secure against Chosen Ciphertext Attacks},
  booktitle = {22nd } # STOC,
  pages = {427--437},
  year = {1990},
  publisher = ACM
}


%%%%%%%%%%%%%%%%%%%%%%%%%%% Technical Report %%%%%%%%%%%%%%%%%%%%%%%%%%%

@TechReport{jaju,
  author = {M. Jakobsson and A. Juels},
  title = {Millimix: Mixing in small batches},
  institution = {Center for Discrete Mathematics and Theoretical Computer Science (DIMACS)},
  number = {1999-33},
  month = JUN,
  year = 1999 
}

%%%%%%%%%%%%%%%%%%%%%%%%%%% Unpublished %%%%%%%%%%%%%%%%%%%%%%%%%%%


@Unpublished{crshgeneral,
  author = {R. Cramer and V. Shoup},
  title = {Universal Hash Proofs and a Paradigm for Adaptive Chosen Ciphertext Secure Public-Key Encryption},
  note = {\url{http://homepages.cwi.nl/~cramer/}},
  month = JUN,
  year = 1999 
}

@Unpublished{dwthesis,
  author = {D. Wikstr\"om},
  title = {On the Security of Mix-Nets and Hierarchical Group Signatures},
  note = {Doctoral thesis, } # NADA # {, TRITA NA 05-38, ISSN 0348-2952, ISRN KTH/NA/R-{}-05/38-{}-SE, ISBN 91-7283-717-9, December 2005, } # NADAURL
}

@Unpublished{niel,
  author = {J. Buus Nielsen},
  title = {Universally Composable Zero-Knowledge Proof of Membership},
  note = {\url{http://www.brics.dk/~buus/}},
  month = APR,
  year = {2005}
}

@Unpublished{wikad,
  author = {D. Wikstr\"om and J. Groth},
  title = {An Adaptively Secure Mix-Net Without Erasures},
  note = {submitted manuscript}
}

@Unpublished{wiklic,
  author = {D. Wikstr\"om},
  title = {On the Security of Mix-Nets and Related Problems},
  note = {Licentiate thesis, } # NADA # {, TRITA-NA-04-06, ISSN 0348-2952, ISRN KTH/NA/R-{}-04/06-{}-SE, ISBN 91-7283-717-9, May, 2004, } # NADAURL
}

@Unpublished{wiktr03a,
  author = {D. Wikstr\"om},
  title = {Elements in $\mathbb{Z}_p^*\backslash {G}_q$ are Dangerous},
  note = {Technical Report, } # SICS # {, T2003:05, ISSN 1100-3154, ISRN SICS-T-2003/05-SE, February 2003, } # SICSURL
}

@Unpublished{wiktr02a,
  author = {D. Wikstr\"om},
  title = {An Efficient Mix-Net},
  note = {Technical Report, } # SICS # {, T2002:21, ISSN 1100-3154, SICS-T-2002/21-SE, December 2002, } # SICSURL
}

@Unpublished{wiktr02b,
  author = {D. Wikstr\"om},
  title = {How to Break, Fix, and Optimize ``Optimistic Mix for Exit-Polls''},
  note = {Technical Report, } # SICS # {, T2002:24, ISSN 1100-3154, ISRN SICS-T-2002/24-SE, 6 December 2002, } # SICSURL
}

@Unpublished{wiktr04,
  author = {D. Wikstr\"om},
  title = {On the $l$-Ary GCD-Algorithm and Computing Residue Symbols},
  note = {Technical Report, } # NADA # {, TRITA-NA-04-39,
ISSN 0348-2952, ISRN KTH/NA/R-{}-04/39-{}-SE, November, 2004, } # NADAURL
}

@Unpublished{wikexjobb,
  author = {D. Wikstr\"om},
  title = {Signatures for thin clients based on elliptic
curves. A case study using the 8051 microcontroller},
  note = {Master's thesis, Nada, Royal Institute of Technology, } # NADA # {, TRITA-NA-E9971}
}


%%%%%%%%%%%%%%%%%%%%%%%%%%% Miscellaneous %%%%%%%%%%%%%%%%%%%%%%%%%%%

@misc{wiksub,
    author = {Douglas Wikstr\"om},
    title = {Simplified Submission of Inputs to Protocols},
    howpublished = {Cryptology ePrint Archive, Report 2006/259},
    year = {2006},
    note = {\url{http://eprint.iacr.org/}},
}

@Misc{pet05-camenisch,
  author = {J. Camenisch and A. Mityagin}, 
  title = {Mix-network with Stronger Security}, 
  note = {To appear in Proceedings of Privacy Enhancing Technologies workshop -- PET 2005, May 2005}
}


@Misc{wikercim,
  author = {D. Wikstr\"om},
  title = {eVote: Practical Electronic Large Scale Elections},
  note = {ERCIM News, Number 48, Jaunuari 2002, \url{http://www.ercim.org/}}
}

@Misc{sha,
    author = {National Institute of Standards and Technology (NIST)},
    title = {Secure Hash Standard},
    howpublished = {Federal Information Processing Standards Publication 180-2},
    year = {2002},
    note = {\url{http://csrc.nist.gov/}},
}

@inProceedings{AW07Conf,
  author = {B. Adida and D. Wikstr\"{o}m},
  title = {How to Shuffle in Public},
  pages = {555--574},
  booktitle = {4th } # TCC,
  series = LNCS,
  volume = 4392,
  year = 2007,
  publisher = SV,
}

@Misc{KoMe,
    author = {N. Koblitz and A. Menezes},
    title = {Another Look at ``Provable Security''},
    howpublished = {Cryptology ePrint Archive, Report 2004/152},
    year = {2004},
    note = {\url{http://eprint.iacr.org/}},
}

@misc{chameleonhash,
    author = {H. Krawczyk and T. Rabin},
    title = {Chameleon Hashing and Signatures},
    howpublished = {Cryptology ePrint Archive, Report 1998/010},
    year = {1998},
    note = {\url{http://eprint.iacr.org/}},
}

@misc{TrWiicalpTR,
    author = {M. Trolin and D. Wikstr\"om},
    title = {Hierarchical Group Signatures},
    howpublished = {Cryptology ePrint Archive, Report 2004/311},
    year = {2004},
    note = {\url{http://eprint.iacr.org/}},
}

@Misc{wiktrfast,
    author = {D. Wikstr\"om},
    title = {A Sender Verifiable Mix-Net and a New Proof of a Shuffle},
    howpublished = {Cryptology ePrint Archive, Report 2004/137},
    year = {2005},
    note = {\url{http://eprint.iacr.org/}},
}

@misc{BaHo,
    author = {M. Backes and D. Hofheinz},
    title = {How to Break and Repair a Universally Composable Signature Functionality},
    howpublished = {Cryptology ePrint Archive, Report 2003/240},
    year = {2003},
    note = {\url{http://eprint.iacr.org/}},
}

@misc{canettiSign,
    author = {R. Canetti},
    title = {Universally Composable Signatures, Certification and Authentication},
    howpublished = {Cryptology ePrint Archive, Report 2003/239},
    year = {2003},
    note = {\url{http://eprint.iacr.org/}},
}

@Misc{stinsonpol,
    author = {D. Stinson},
    title = {A Polemic on Notions of Cryptographic Security},
    howpublished = {Manuscript},
    year = {2004},
    note = {\url{http://www.cacr.math.uwaterloo.ca/~dstinson}}
}

@Misc{KiYuGroupSig,
    author = {A. Kiayias and M. Yung},
    title = {Group Signatures: Provable Security, Efficient Constructions and Anonymity from Trapdoor-Holders},
    howpublished = {Cryptology ePrint Archive, Report 2004/076},
    year = {2004},
    note = {\url{http://eprint.iacr.org/2004/076}},
}

@Misc{nsnk05b,
    author = {L. Nguyen and R. Safavi-Naini and K. Kurosawa},
    title = {Verifiable Shuffles: A Formal Model and a Paillier-based Efficient Construction with Provable Security},
    howpublished = {Cryptology ePrint Archive, Report 2005/199},
    year = {2005},
    note = {\url{http://eprint.iacr.org/}},
}

@Misc{nsnk05,
    author = {L. Nguyen and R. Safavi-Naini and K. Kurosawa},
    title = {A Provably Secure and Efficient Verifiable Shuffle based on a Variant of the Paillier Cryptosystem},
    howpublished = {Cryptology ePrint Archive, Report 2005/162},
    year = {2005},
    note = {\url{http://eprint.iacr.org/}},
}

@Misc{nefcorr,
  author = {A. Neff},
  title = {Verifiable Mixing (Shuffling) of ElGamal Pairs},
  howpublished = {manuscript},
  year = 2005,
  note = {Available at \url{http://www.votehere.com/documents.html}}
}

@Misc{vmn,
  author = {D. Wikstr{\"o}m},
  title = {The {V}erificatum Mix-Net},
  howpublished = {Manuscript},
  year = 2011,
  note = {In preparation}
}

@Misc{pvmnv,
  title = {Python {V}erificatum Mix-Net Verifier},
  howpublished = {\url{http://www.mixnet.org/pvmnv}},
  month = NOV,
  year = 2011,
  key = {Python Vfork Mix-Net Verifier}
}

@Misc{vmnum,
  author = {D. Wikstr{\"o}m},
  title = {User Manual for the {V}erificatum Mix-Net},
  howpublished = {Manuscript},
  year = 2011,
  note = {Available at \url{http://www.mixnet.org}.}
}

@Misc{vmnv,
  author = {D. Wikstr{\"o}m},
  title = {How to Implement A Stand-alone Verifier for the {V}erificatum Mix-Net},
  howpublished = {Manuscript},
  year = 2011,
  note = {Available at \url{http://www.mixnet.org}.}
}

@Misc{goldreichmultiparty,
  author = {O. Goldreich},
  title = {Secure Multi-Party Computation},
  howpublished = {manuscript},
  year = 2002,
  note = {Available at \url{http://www.wisdom.weizmann.ac.il/~oded/pp.html}}
}

@Misc{fost,
  author = {P. Fouque and J. Stern},
  title = {Fully Distributed Threshold {RSA} under Standard Assumptions},
  howpublished = {Cryptology ePrint Archive, Report 2001/008},
  year = {2001},
  note = {\url{http://eprint.iacr.org/}},
}

@Misc{gmp,
  author = {T. Granlund},
  title = {Gnu Multiple Precision Arithmetic Library ({GMP})},
  howpublished = {Software available at \url{http://swox.com/gmp}}, 
  month = MAR,
  year = {2005},
}

@Misc{torbjorn,
  author = {T. Granlund},
  title = {Private communication.},
  month = MAR,
  year = {2008},
}

@Misc{neffprivate,
  author = {A. Neff},
  title = {Private communication.},
  month = MAY,
  year = {2008},
}

@Misc{furukawaprivate,
  author = {J. Furukawa},
  title = {Private communication.},
  month = APR,
  year = 2008,
}


@Misc{grothpers,
  author = {J. Groth},
  title = {Personal Communication},
  year = 2004
}

@Misc{primepages,
  title = {The Prime Pages},
  howpublished = {\url{http://primes.utm.edu}},
  month = MAR,
  year = 2004,
  key = {Prime Pages}
}

@Misc{protsearch,
  title = {The Proth Search Page},
  howpublished = {\url{http://www.prothsearch.net}},
  month = MAR,
  year = 2004,
  key = {Proth Search Page}
}


%%%%%%%%%%%%%%%%%%%%%%%%%%% PhD Thesis %%%%%%%%%%%%%%%%%%%%%%%%%%%

@PhdThesis{MollerThesis,
  author =       {B. M\"oller},
  title =        {Public-Key Cryptography -- Theory and Practice},
  school =       {Technische Universität Darmstadt},
  year =         {2003},
}
